<?xml version="1.0" encoding="UTF-8"?><collection xmlns="http://www.loc.gov/MARC21/slim"><record><leader>00662nam--2200205-u-4500</leader><controlfield tag="001">000053248</controlfield><controlfield tag="002">20161230</controlfield><controlfield tag="005">20161230201051</controlfield><controlfield tag="008">110113s1000------------r-----000-0-eng-d</controlfield><datafield ind1=" " ind2=" " tag="020"><subfield code="a">156396418X</subfield></datafield><datafield ind1=" " ind2=" " tag="040"><subfield code="a">IFIN-HH</subfield></datafield><datafield ind1=" " ind2=" " tag="080"><subfield code="a">539.23:538.945(063)</subfield></datafield><datafield ind1="1" ind2=" " tag="100"><subfield code="a">Hernandez-calderon, Isaac</subfield></datafield><datafield ind1="1" ind2="0" tag="245"><subfield code="a">Surfaces, vacuum, and their applications</subfield><subfield code="b">Cancun, mexico, september 1994</subfield><subfield code="c">ISAAC HERNANDEZ-CALDERON; RENE ASOMOZA (Eds.)</subfield></datafield><datafield ind1=" " ind2=" " tag="260"><subfield code="a">Woodbury, New York</subfield><subfield code="b">American Institute Of Physics</subfield><subfield code="c">1996</subfield></datafield><datafield ind1=" " ind2=" " tag="300"><subfield code="a">687P</subfield></datafield><datafield ind1=" " ind2=" " tag="490"><subfield code="a">Aip Conference Proccedings</subfield><subfield code="v">Vol. 378</subfield></datafield><datafield ind1="1" ind2=" " tag="700"><subfield code="a">Asomoza, Rene</subfield><subfield code="e">Ed</subfield></datafield><datafield ind1=" " ind2=" " tag="852"><subfield code="a">81557</subfield><subfield code="c">539.23</subfield></datafield><datafield ind1=" " ind2=" " tag="CAT"><subfield code="a">Sys</subfield><subfield code="c">20110113</subfield><subfield code="h">113256</subfield></datafield></record></collection>